<record><leader>00000cas a22000007a 4500</leader><controlfield tag="001">11921571</controlfield><controlfield tag="008">850415d181618uuvauir ne      0    0eng d</controlfield><datafield ind1=" " ind2=" " tag="010"><subfield code="a">sn 85025810 </subfield></datafield><datafield ind1=" " ind2=" " tag="040"><subfield code="a">NPX</subfield><subfield code="b">eng</subfield><subfield code="c">NPX</subfield><subfield code="d">DLC</subfield><subfield code="d">NJW</subfield><subfield code="d">KNP</subfield><subfield code="d">NVK</subfield><subfield code="d">BUF</subfield><subfield code="d">OCLCQ</subfield><subfield code="d">OCLCF</subfield><subfield code="d">OCLCO</subfield><subfield code="d">CUS</subfield></datafield><datafield ind1=" " ind2=" " tag="042"><subfield code="a">msc</subfield></datafield><datafield ind1=" " ind2=" " tag="043"><subfield code="a">n-us-va</subfield></datafield><datafield ind1="0" ind2="0" tag="050"><subfield code="a">Newspaper 10028-X</subfield></datafield><datafield ind1="1" ind2="4" tag="050"><subfield code="a">AP2.A2</subfield><subfield code="b">A63 Box 143</subfield></datafield><datafield ind1="0" ind2="4" tag="245"><subfield code="a">The American beacon.</subfield></datafield><datafield ind1=" " ind2=" " tag="260"><subfield code="a">Norfolk [Va.] :</subfield><subfield code="b">Hamilton Shields &amp; Samuel Shepherd</subfield></datafield><datafield ind1=" " ind2=" " tag="300"><subfield code="a">volumes ;</subfield><subfield code="c">54 cm.</subfield></datafield><datafield ind1=" " ind2=" " tag="310"><subfield code="a">Three times a week</subfield></datafield><datafield ind1=" " ind2=" " tag="336"><subfield code="a">text</subfield><subfield code="b">txt</subfield><subfield code="2">rdacontent</subfield></datafield><datafield ind1=" " ind2=" " tag="337"><subfield code="a">unmediated</subfield><subfield code="b">n</subfield><subfield code="2">rdamedia</subfield></datafield><datafield ind1=" " ind2=" " tag="338"><subfield code="a">volume</subfield><subfield code="b">nc</subfield><subfield code="2">rdacarrier</subfield></datafield><datafield ind1="1" ind2=" " tag="362"><subfield code="a">Began in Jan. 1816; ceased in 1819 or 1820.</subfield></datafield><datafield ind1=" " ind2=" " tag="580"><subfield code="a">Also issued in daily eds. called: American beacon and commercial diary (Norfolk, Va. : 1815 : Daily); American beacon and Norfolk &amp; Portsmouth daily advertiser (Norfolk, Va. : 1818); American commercial beacon and Norfolk &amp; Portsmouth daily advertiser.</subfield></datafield><datafield ind1=" " ind2=" " tag="588"><subfield code="a">Description based on: Jan. 27, 1816.</subfield></datafield><datafield ind1=" " ind2=" " tag="588"><subfield code="a">Latest issue consulted: Dec. 31, 1819.</subfield></datafield><datafield ind1=" " ind2="0" tag="651"><subfield code="a">Norfolk (Va.)</subfield><subfield code="v">Newspapers.</subfield></datafield><datafield ind1=" " ind2="7" tag="651"><subfield code="a">Virginia</subfield><subfield code="z">Norfolk.</subfield><subfield code="2">fast</subfield><subfield code="0">(OCoLC)fst01206844</subfield></datafield><datafield ind1=" " ind2="7" tag="655"><subfield code="a">Newspapers.</subfield><subfield code="2">fast</subfield><subfield code="0">(OCoLC)fst01423814</subfield></datafield><datafield ind1="1" ind2=" " tag="700"><subfield code="a">Shields, Hamilton.</subfield></datafield><datafield ind1="1" ind2=" " tag="700"><subfield code="a">Shepherd, Samuel,</subfield><subfield code="d">1790?-1849.</subfield></datafield><datafield ind1=" " ind2=" " tag="752"><subfield code="a">United States</subfield><subfield code="b">Virginia</subfield><subfield code="d">Norfolk.</subfield></datafield><datafield ind1="1" ind2=" " tag="775"><subfield code="t">American beacon and commercial diary (Norfolk, Va. : 1815 : Daily)</subfield><subfield code="w">(DLC)sn 84024723</subfield><subfield code="w">(OCoLC)11052450</subfield></datafield><datafield ind1="1" ind2=" " tag="775"><subfield code="t">American beacon and Norfolk &amp; Portsmouth daily advertiser (Norfolk, Va. : 1818)</subfield><subfield code="w">(DLC)sn 84024509</subfield><subfield code="w">(OCoLC)10858510</subfield></datafield><datafield ind1="1" ind2=" " tag="775"><subfield code="t">American commercial beacon and Norfolk &amp; Portsmouth daily advertiser</subfield><subfield code="w">(DLC)sn 84024724</subfield><subfield code="w">(OCoLC)11052457</subfield></datafield><datafield ind1="0" ind2="0" tag="780"><subfield code="t">American beacon and commercial diary (Norfolk, Va. : 1815 : Triweekly)</subfield><subfield code="w">(DLC)sn 95067610</subfield><subfield code="w">(OCoLC)33388413</subfield></datafield><datafield ind1="0" ind2="0" tag="785"><subfield code="t">American beacon for the country</subfield><subfield code="w">(DLC)sn 85025811</subfield><subfield code="w">(OCoLC)11921805</subfield></datafield><datafield ind1="1" ind2=" " tag="029"><subfield code="a">AU@</subfield><subfield code="b">000025823754</subfield></datafield></record>